<record><leader>00000cas a2200000 a 4500</leader><controlfield tag="001">12618548</controlfield><controlfield tag="008">850930d19221925inuwr ne      0    0eng c</controlfield><datafield ind1=" " ind2=" " tag="010"><subfield code="a">sn 85048085 </subfield></datafield><datafield ind1=" " ind2=" " tag="040"><subfield code="a">NPI</subfield><subfield code="b">eng</subfield><subfield code="c">NPI</subfield><subfield code="d">CUI</subfield><subfield code="d">OCLCQ</subfield><subfield code="d">OCLCF</subfield></datafield><datafield ind1=" " ind2=" " tag="042"><subfield code="a">pcc</subfield></datafield><datafield ind1=" " ind2=" " tag="043"><subfield code="a">n-us-in</subfield></datafield><datafield ind1=" " ind2="4" tag="050"><subfield code="a">AN</subfield></datafield><datafield ind1="0" ind2="0" tag="245"><subfield code="a">New Albany weekly with daily combined ledger.</subfield></datafield><datafield ind1=" " ind2=" " tag="260"><subfield code="a">New Albany, Ind. :</subfield><subfield code="b">New Albany Ledger Co.,</subfield><subfield code="c">1922-1925.</subfield></datafield><datafield ind1="0" ind2=" " tag="362"><subfield code="a">Jan. 4, 1922-v. 76, no. 34 (Apr. 22, 1925).</subfield></datafield><datafield ind1=" " ind2=" " tag="515"><subfield code="a">For many months issues were numbered Vol. 70, no. 60.</subfield></datafield><datafield ind1=" " ind2="0" tag="651"><subfield code="a">New Albany (Ind.)</subfield><subfield code="v">Newspapers.</subfield></datafield><datafield ind1=" " ind2="0" tag="651"><subfield code="a">Floyd County (Ind.)</subfield><subfield code="v">Newspapers.</subfield></datafield><datafield ind1=" " ind2="7" tag="655"><subfield code="a">Newspapers.</subfield><subfield code="2">fast</subfield><subfield code="0">(OCoLC)fst01423814</subfield></datafield><datafield ind1=" " ind2="7" tag="651"><subfield code="a">Indiana</subfield><subfield code="z">Floyd County.</subfield><subfield code="2">fast</subfield><subfield code="0">(OCoLC)fst01218075</subfield></datafield><datafield ind1=" " ind2="7" tag="651"><subfield code="a">Indiana</subfield><subfield code="z">New Albany.</subfield><subfield code="2">fast</subfield><subfield code="0">(OCoLC)fst01212578</subfield></datafield><datafield ind1=" " ind2=" " tag="752"><subfield code="a">United States</subfield><subfield code="b">Indiana</subfield><subfield code="c">Floyd</subfield><subfield code="d">New Albany.</subfield></datafield><datafield ind1="0" ind2="4" tag="780"><subfield code="t">New Albany weekly ledger (New Albany, Ind. : 1881)</subfield><subfield code="w">(DLC)sn 84045481</subfield><subfield code="w">(OCoLC)11378945</subfield></datafield><datafield ind1="0" ind2="4" tag="780"><subfield code="t">New Albany daily ledger (New Albany, Ind. : 1890)</subfield><subfield code="w">(DLC)sn 85048084</subfield><subfield code="w">(OCoLC)12619522</subfield></datafield><datafield ind1="0" ind2="0" tag="785"><subfield code="t">New Albany weekly ledger (New Albany, Ind. : 1925)</subfield><subfield code="w">(DLC)sn 85048083</subfield><subfield code="w">(OCoLC)12618668</subfield></datafield></record>